12100000000000¶ÌÞ¼·¶Þ²¼¬Degica                        00000000±±±±±±±±±±±±±  000±±±±±±±±±±±±   00000000                 
20005ÐÂËÞ¼Õ-´Ì¼Þ´²  220·Á¼ÞÖ³¼Þ       000011234567ÅÝÃÞÔÈÝ                       00000200000123456789012345678907        
20033¼ÞÔÊßÝÈÂÄ      001ÎÝÃÝ           000010123456tarou                         00000008880                             
20005ÐÂËÞ¼Õ-´Ì¼Þ´²  001ÎÝÃÝ           000021234567jirou                         00000025250                             
8000001000000020000                                                                                                     
9                                                                                                                       
